%@inproceedings{kosba2016hawk,
%  title={Hawk: The blockchain model of cryptography and privacy-preserving smart contracts},
%  author={Kosba, Ahmed and Miller, Andrew and Shi, Elaine and Wen, Zikai and Papamanthou, Charalampos},
%  booktitle={2016 IEEE symposium on security and privacy (SP)},
%  pages={839--858},
%  year={2016},
%  organization={IEEE}
%}

%@inproceedings{badertscher2017bitcoin,
%  title={Bitcoin as a transaction ledger: A composable treatment},
%  author={Badertscher, Christian and Maurer, Ueli and Tschudi, Daniel and Zikas, Vassilis},
%  booktitle={Annual International Cryptology Conference},
%  pages={324--356},
%  year={2017},
%  organization={Springer}
%}

%@inproceedings{bentov2014use,
%  title={How to use bitcoin to design fair protocols},
%  author={Bentov, Iddo and Kumaresan, Ranjit},
%  booktitle={International Cryptology Conference},
%  pages={421--439},
%  year={2014},
%  organization={Springer}
%}

@inproceedings{fairmpc,
  title={Fair and robust multi-party computation using a global transaction ledger},
  author={Kiayias, Aggelos and Zhou, Hong-Sheng and Zikas, Vassilis},
  booktitle={Annual International Conference on the Theory and Applications of Cryptographic Techniques},
  pages={705--734},
  year={2016},
  organization={Springer}
}

%@inproceedings{canetti2016universally,
%  title={Universally composable authentication and key-exchange with global PKI},
%  author={Canetti, Ran and Shahaf, Daniel and Vald, Margarita},
%  booktitle={IACR International Workshop on Public Key Cryptography},
%  pages={265--296},
%  year={2016},
%  organization={Springer}
%}

%@inproceedings{uc-pki,
%  title={Universally composable authentication and key-exchange with global PKI},
%  author={Canetti, Ran and Shahaf, Daniel and Vald, Margarita},
%  booktitle={IACR International Workshop on Public Key Cryptography},
%  pages={265--296},
%  year={2016},
%  organization={Springer}
%}

@article{bracha-broadcast,
  title={Asynchronous Byzantine agreement protocols},
  author={Bracha, Gabriel},
  journal={Information and Computation},
  volume={75},
  number={2},
  pages={130--143},
  year={1987},
  publisher={Elsevier}
}

@inproceedings{katz-clock,
  title={Universally composable synchronous computation},
  author={Katz, Jonathan and Maurer, Ueli and Tackmann, Bj{\"o}rn and Zikas, Vassilis},
  booktitle={Theory of Cryptography Conference},
  pages={477--498},
  year={2013},
  organization={Springer}
}
	

%@inproceedings{dodis2009composability,
%  title={Composability and on-line deniability of authentication},
%  author={Dodis, Yevgeniy and Katz, Jonathan and Smith, Adam and Walfish, Shabsi},
%  booktitle={Theory of Cryptography Conference},
%  pages={146--162},
%  year={2009},
%  organization={Springer}
%}
